@misc{ZX-overview,
      title={ZX-calculus for the working quantum computer scientist}, 
      author={John van de Wetering},
      year={2020},
      eprint={2012.13966},
      archivePrefix={arXiv},
}

@techreport{MScJaime,
  author = "Jaime Santos",
  title = "{Q}uantum random walks: simulations and physical realizations",
  type = "{MSc Thesis in Engineering Physics}",
  institution = "DI, Universidade do Minho",
  year={2021},
  howpublished = {\url{https://hdl.handle.net/1822/81529}}
  }


@article{t-count-opt,
   title={Reducing the number of non-Clifford gates in quantum circuits},
   volume={102},
   ISSN={2469-9934},
   url={http://dx.doi.org/10.1103/PhysRevA.102.022406},
   DOI={10.1103/physreva.102.022406},
   number={2},
   journal={Physical Review A},
   publisher={American Physical Society (APS)},
   author={Kissinger, Aleks and van de Wetering, John},
   year={2020},
   month=aug }

@inproceedings{extraction-p-hard,
  doi = {10.4230/LIPICS.ICALP.2022.119},
  url = {https://drops.dagstuhl.de/entities/document/10.4230/LIPIcs.ICALP.2022.119},
  author = {de Beaudrap, Niel and Kissinger, Aleks and van de Wetering, John},
  title = {Circuit Extraction for ZX-Diagrams Can Be \#P-Hard},
  booktitle = {49th International Colloquium on Automata, Languages, and Programming (ICALP 2022)},
  publisher = {Schloss Dagstuhl – Leibniz-Zentrum für Informatik},
  year = {2022}
  }


@techreport{gate-decomp,
title = {Quantum gate decomposition algorithms},
author = {Slepoy, Alexander},
doi = {10.2172/889415},
url = {https://www.osti.gov/biblio/889415},
  type = "{Sandia Report SAND2006-3440}",
  institution = "Sandia National Laboratories",
  year={2006}
  }


@article{pyzx,
   title={PyZX: Large Scale Automated Diagrammatic Reasoning},
   volume={318},
   ISSN={2075-2180},
   url={http://dx.doi.org/10.4204/EPTCS.318.14},
   DOI={10.4204/eptcs.318.14},
   journal={Electronic Proceedings in Theoretical Computer Science},
   publisher={Open Publishing Association},
   author={Kissinger, Aleks and van de Wetering, John},
   year={2020},
   month=may, pages={229–241} 
}

@article{QW-overview,
   title={Quantum walks: a comprehensive review},
   volume={11},
   ISSN={1573-1332},
   url={http://dx.doi.org/10.1007/s11128-012-0432-5},
   DOI={10.1007/s11128-012-0432-5},
   number={5},
   journal={Quantum Information Processing},
   publisher={Springer Science and Business Media LLC},
   author={Venegas-Andraca, Salvador},
   year={2012},
   month=jul, pages={1015–1106} }
   
   
   @article{PortugalSFG16,
  author       = {Renato Portugal and
                  Raqueline A. M. Santos and
                  Tharso D. Fernandes and
                  Demerson N. Gon{\c{c}}alves},
  title        = {The staggered quantum walk model},
  journal      = {Quantum Inf. Process.},
  volume       = {15},
  number       = {1},
  pages        = {85--101},
  year         = {2016},
  url          = {https://doi.org/10.1007/s11128-015-1149-z},
  doi          = {10.1007/S11128-015-1149-Z}
}


@inproceedings{CoeckeD08,
  author       = {Bob Coecke and
                  Ross Duncan},
  editor       = {Luca Aceto and
                  Ivan Damg{\aa}rd and
                  Leslie Ann Goldberg and
                  Magn{\'{u}}s M. Halld{\'{o}}rsson and
                  Anna Ing{\'{o}}lfsd{\'{o}}ttir and
                  Igor Walukiewicz},
  title        = {Interacting Quantum Observables},
  booktitle    = {Automata, Languages and Programming, 35th International Colloquium,
                  {ICALP} 2008, Reykjavik, Iceland, July 7-11, 2008, Proceedings.},
  series       = {Lecture Notes in Computer Science},
  volume       = {5126},
  pages        = {298--310},
  publisher    = {Springer},
  year         = {2008},
  url          = {https://doi.org/10.1007/978-3-540-70583-3\_25},
  doi          = {10.1007/978-3-540-70583-3\_25}
}


@article{CoeckeHKW22,
  author       = {Bob Coecke and
                  Dominic Horsman and
                  Aleks Kissinger and
                  Quanlong Wang},
  title        = {Kindergarden quantum mechanics graduates \emph{...or how {I} learned
                  to stop gluing {LEGO} together and love the ZX-calculus}},
  journal      = {Theor. Comput. Sci.},
  volume       = {897},
  pages        = {1--22},
  year         = {2022},
  url          = {https://doi.org/10.1016/j.tcs.2021.07.024},
  doi          = {10.1016/J.TCS.2021.07.024}
  }
  
  @article{Preskill2018,
  doi = {10.22331/q-2018-08-06-79},
  url = {https://doi.org/10.22331/q-2018-08-06-79},
  title = {Quantum {C}omputing in the {NISQ} era and beyond},
  author = {Preskill, John},
  journal = {{Quantum}},
  issn = {2521-327X},
  publisher = {{Verein zur F{\"{o}}rderung des Open Access Publizierens in den Quantenwissenschaften}},
  volume = {2},
  pages = {79},
  month = aug,
  year = {2018}
}
