@misc{ZX-overview,
      title={ZX-calculus for the working quantum computer scientist}, 
      author={John van de Wetering},
      year={2020},
      eprint={2012.13966},
      archivePrefix={arXiv},
}

@misc{MScJaime,
	author = {Jaime Santos},
	title = {{U}niversidade do {M}inho: {Q}uantum random walks: simulations and physical realizations},
	howpublished = {\url{https://hdl.handle.net/1822/81529}},
	year = {},
	note = {[Accessed 19-06-2024]},
}

@article{t-count-opt,
   title={Reducing the number of non-Clifford gates in quantum circuits},
   volume={102},
   ISSN={2469-9934},
   url={http://dx.doi.org/10.1103/PhysRevA.102.022406},
   DOI={10.1103/physreva.102.022406},
   number={2},
   journal={Physical Review A},
   publisher={American Physical Society (APS)},
   author={Kissinger, Aleks and van de Wetering, John},
   year={2020},
   month=aug }

@inproceedings{extraction-p-hard,
  doi = {10.4230/LIPICS.ICALP.2022.119},
  
  url = {https://drops.dagstuhl.de/entities/document/10.4230/LIPIcs.ICALP.2022.119},
  
  author = {de Beaudrap, Niel and Kissinger, Aleks and van de Wetering, John},
  
  keywords = {ZX-calculus, circuit extraction, quantum circuits, \#P, Theory of computation \→ Quantum computation theory},
  
  language = {en},
  
  title = {Circuit Extraction for ZX-Diagrams Can Be \#P-Hard},
  
  publisher = {Schloss Dagstuhl – Leibniz-Zentrum für Informatik},
  
  year = {2022},
  
  copyright = {Creative Commons Attribution 4.0 International license}
}

@article{gate-decomp,
title = {Quantum gate decomposition algorithms.},
author = {Slepoy, Alexander},
abstractNote = {Quantum computing algorithms can be conveniently expressed in a format of a quantum logical circuits. Such circuits consist of sequential coupled operations, termed ''quantum gates'', or quantum analogs of bits called qubits. We review a recently proposed method [1] for constructing general ''quantum gates'' operating on an qubits, as composed of a sequence of generic elementary ''gates''.},
doi = {10.2172/889415},
url = {https://www.osti.gov/biblio/889415}, journal = {},
place = {United States},
year = {2006},
month = {7}
} 
@article{pyzx,
   title={PyZX: Large Scale Automated Diagrammatic Reasoning},
   volume={318},
   ISSN={2075-2180},
   url={http://dx.doi.org/10.4204/EPTCS.318.14},
   DOI={10.4204/eptcs.318.14},
   journal={Electronic Proceedings in Theoretical Computer Science},
   publisher={Open Publishing Association},
   author={Kissinger, Aleks and van de Wetering, John},
   year={2020},
   month=may, pages={229–241} }
